@book{docarmo,
  added-at = {2011-03-16T00:00:00.000+0100},
  author = {do Carmo, Manfredo P.},
  biburl = {http://www.bibsonomy.org/bibtex/258eaa18020b8234bda1a88bce7f9b053/dblp},
  interhash = {dcc8a99249d52c3bb9445ce2910ce388},
  intrahash = {58eaa18020b8234bda1a88bce7f9b053},
  isbn = {978-0-13-212589-5},
  keywords = {dblp},
  pages = {I-VIII, 1-503},
  publisher = {Prentice Hall},
  timestamp = {2011-04-29T15:26:07.000+0200},
  title = {Differential geometry of curves and surfaces.},
  year = 1976
},

@book{farin,
  added-at = {2011-04-14T00:00:00.000+0200},
  author = {Farin, Gerald E.},
  biburl = {http://www.bibsonomy.org/bibtex/2656d436dd2e5795e526c17982426aa30/dblp},
  interhash = {a65756692832b0914858d233062c6d80},
  intrahash = {656d436dd2e5795e526c17982426aa30},
  keywords = {dblp},
  pages = {I-XVII, 1-444},
  publisher = {Academic Press},
  series = {Computer science and scientific computing},
  timestamp = {2011-04-29T15:26:51.000+0200},
  title = {Curves and surfaces for computer aided geometric design - a practical guide (2.ed.).},
  year = 1990
},

@book{schneider,
 author = {Schneider, Philip J. and Eberly, David},
 title = {Geometric Tools for Computer Graphics},
 year = {2002},
 isbn = {1558605940},
 publisher = {Elsevier Science Inc.},
 address = {New York, NY, USA},
},

@article{bhattacharya,
  added-at = {2013-09-27T00:00:00.000+0200},
  author = {Bhattacharya, Priyadarshi and Gavrilova, Marina L.},
  biburl = {http://www.bibsonomy.org/bibtex/2b496fd7d6a4b15c7404be8042f7c6955/dblp},
  ee = {http://dx.doi.org/10.1109/MRA.2008.921540},
  interhash = {97386151426bd10fea92825c6fa0e30f},
  intrahash = {b496fd7d6a4b15c7404be8042f7c6955},
  journal = {IEEE Robot. Automat. Mag.},
  keywords = {dblp},
  number = 2,
  pages = {58-66},
  timestamp = {2013-09-28T11:33:20.000+0200},
  title = {Roadmap-Based Path Planning - Using the Voronoi Diagram for a Clearance-Based Shortest Path.},
  url = {http://dblp.uni-trier.de/db/journals/ram/ram15.html#BhattacharyaG08},
  volume = 15,
  year = 2008
},

@inproceedings{ho-liu,
  added-at = {2011-10-18T00:00:00.000+0200},
  author = {Ho, Yi-Ju and Liu, Jing-Sin},
  biburl = {http://www.bibsonomy.org/bibtex/2a5a18fdf01fe5b0a5f7f13090960eed2/dblp},
  booktitle = {CIRA},
  ee = {http://dx.doi.org/10.1109/CIRA.2009.5423161},
  interhash = {4f1a1525d57b71c389744ad1a44f7e64},
  intrahash = {a5a18fdf01fe5b0a5f7f13090960eed2},
  isbn = {978-1-4244-4808-1},
  keywords = {dblp},
  pages = {463-468},
  publisher = {IEEE},
  timestamp = {2011-10-19T11:33:08.000+0200},
  title = {Collision-free curvature-bounded smooth path planning using composite Bezier curve based on Voronoi diagram.},
  url = {http://dblp.uni-trier.de/db/conf/cira/cira2009.html#HoL09},
  year = 2009
},

@inproceedings{seda-pich,
 author = {\v{S}eda, Milo\v{s} and Pich, V\'{a}clav},
 title = {Robot Motion Planning Using Generalised Voronoi Diagrams},
 booktitle = {Proceedings of the 8th Conference on Signal Processing, Computational Geometry and Artificial Vision},
 series = {ISCGAV'08},
 year = {2008},
 isbn = {978-960-6766-95-4},
 location = {Rhodes, Greece},
 pages = {215--220},
 numpages = {6},
 url = {http://dl.acm.org/citation.cfm?id=1503734.1503770},
 acmid = {1503770},
 publisher = {World Scientific and Engineering Academy and Society (WSEAS)},
 address = {Stevens Point, Wisconsin, USA},
 keywords = {cell decomposition, generalised Voronoi diagram, motion planning, roadmap method, sampling methods},
},

 @inproceedings{fortune,
  added-at = {2015-01-30T00:00:00.000+0100},
  author = {Fortune, Steven},
  biburl = {http://www.bibsonomy.org/bibtex/276b6b8047a3faa1bf7ce4aeeddfaac18/dblp},
  booktitle = {Symposium on Computational Geometry},
  editor = {Aggarwal, Alok},
  ee = {http://doi.acm.org/10.1145/10515.10549},
  interhash = {f6bfd72eba7c2151d4d4ea201825b419},
  intrahash = {76b6b8047a3faa1bf7ce4aeeddfaac18},
  isbn = {0-89791-194-6},
  keywords = {dblp},
  pages = {313-322},
  publisher = {ACM},
  timestamp = {2015-06-19T05:25:38.000+0200},
  title = {A Sweepline Algorithm for Voronoi Diagrams.},
  url = {http://dblp.uni-trier.de/db/conf/compgeom/compgeom86.html#Fortune86},
  year = 1986
},

@book{deberg,
  abstract = {For many geometric problems the early algorithmic solutions were either slow or difficult to understand and implement. In recent years a number of new algorithmic techniques have been developed that improved and simplified many of the previous approaches. In this textbook we have tried to make these modern algorithmic solutions accessible to a large audience. The book has been written as a textbook for a course in computational geometry, but it can also be used for self study.},
  added-at = {2006-12-29T15:59:00.000+0100},
  author = {de Berg, Mark and van Kreveld, Marc and Overmars, Mark and Schwarzkopf, Otfried},
  biburl = {http://www.bibsonomy.org/bibtex/2700334e7df2fbf7c4e88479b011cb848/cairo},
  description = {Computational Geometry textbook},
  edition = {Second},
  interhash = {56b511e262f19ac52d0aefa0470202e5},
  intrahash = {700334e7df2fbf7c4e88479b011cb848},
  keywords = {graphics cairo library algorithms},
  pages = 367,
  publisher = {Springer-Verlag},
  timestamp = {2006-12-29T15:59:00.000+0100},
  title = {Computational Geometry: Algorithms and Applications},
  url = {http://www.cs.uu.nl/geobook/},
  year = 2000
},

@inproceedings{benjamin,
  added-at = {2014-12-19T00:00:00.000+0100},
  author = {Wah, Benjamin W. and Wang, Tao},
  biburl = {http://www.bibsonomy.org/bibtex/2e571dd0398d06c568258b93ef69792dc/dblp},
  booktitle = {ICTAI},
  //crossref = {conf/ictai/1999},
  ee = {http://doi.ieeecomputersociety.org/10.1109/TAI.1999.809827},
  interhash = {516947a78a57bd8f939b31f7d73f5b25},
  intrahash = {e571dd0398d06c568258b93ef69792dc},
  isbn = {0-7695-0456-6},
  keywords = {dblp},
  pages = {381-},
  publisher = {IEEE Computer Society},
  timestamp = {2015-06-18T19:02:05.000+0200},
  title = {Constrained Simulated Annealing with Applications in Nonlinear Continuous Constrained Global Optimization.},
  url = {http://dblp.uni-trier.de/db/conf/ictai/ictai1999.html#WahW99},
  year = 1999
},

@inproceedings{ho,
  added-at = {2010-04-25T00:00:00.000+0200},
  author = {Ho, Yi-Ju and Liu, Jing-Sin},
  biburl = {http://www.bibsonomy.org/bibtex/24992c2424593df0eff3e5e20a9b1e6f2/dblp},
  booktitle = {SAC},
  //crossref = {conf/sac/2010},
  editor = {Shin, Sung Y. and Ossowski, Sascha and Schumacher, Michael and Palakal, Mathew J. and Hung, Chih-Cheng},
  ee = {http://doi.acm.org/10.1145/1774088.1774361},
  interhash = {6a350ca3f9783a81c78dcb657fc14ab9},
  intrahash = {4992c2424593df0eff3e5e20a9b1e6f2},
  isbn = {978-1-60558-639-7},
  keywords = {dblp},
  pages = {1277-1281},
  publisher = {ACM},
  timestamp = {2015-11-04T11:51:43.000+0100},
  title = {Simulated annealing based algorithm for smooth robot path planning with different kinematic constraints.},
  url = {http://dblp.uni-trier.de/db/conf/sac/sac2010.html#HoL10},
  year = 2010
},

@article{dijkstra,
  added-at = {2007-08-22T12:47:43.000+0200},
  author = {Dijkstra, E.W.},
  biburl = {http://www.bibsonomy.org/bibtex/26dbbdd3500932d76b396643a80ca7d23/bsmyth},
  interhash = {66b00fcaed94c50176fb8ee35860f073},
  intrahash = {6dbbdd3500932d76b396643a80ca7d23},
  journal = {{Numerische Mathematik}},
  keywords = {imported},
  pages = {269-271},
  timestamp = {2007-08-22T12:47:44.000+0200},
  title = {{A note on two problems in connection with graphs.}},
  volume = 1,
  year = 1959
},

@article{knuth,
title = "A generalization of Dijkstra's algorithm",
journal = "Information Processing Letters",
volume = "6",
number = "1",
pages = "1 - 5",
year = "1977",
note = "",
issn = "0020-0190",
doi = "http://dx.doi.org/10.1016/0020-0190(77)90002-3",
url = "http://www.sciencedirect.com/science/article/pii/0020019077900023",
author = "Donald E. Knuth",
keywords = "Shortest paths",
keywords = "AND/OR graphs",
keywords = "context-free grammars",
keywords = "simultaneous minimax equations",
keywords = "decision trees",
keywords = "dynamic programming"
}









